
@inproceedings{NIPS2001_801272ee,
 author = {Ng, Andrew and Jordan, Michael and Weiss, Yair},
 booktitle = {Advances in Neural Information Processing Systems},
 editor = {T. Dietterich and S. Becker and Z. Ghahramani},
 pages = {},
 publisher = {MIT Press},
 title = {On Spectral Clustering: Analysis and an algorithm},
 volume = {14},
 year = {2001}
}

@book{chung1997spectral,
  title={Spectral graph theory},
  author={Chung, Fan RK},
  volume={92},
  year={1997},
  publisher={American Mathematical Soc.}
}

@book{watkins2004fundamentals,
  title={Fundamentals of matrix computations},
  author={Watkins, David S},
  year={2004},
  publisher={John Wiley \& Sons}
}

@misc{git_repository,
  author = {Bruce Campbell},
  title = {OSU MATH 5603 Numerical Linear Algebra},
  year = {2022},
  publisher = {GitHub},
  journal = {GitHub repository},
  howpublished = {\url{https://github.com/campbell-2589/OSU_MATH_5603.git}},
  commit = {da589a751206812abc48beb33f3db715877a7364}
}